% Bücher

@book{huelsmann2005,
  title={Selbststeuerung in der Fahrzeuglogistik},
  author={M. Hülsmann,K. Windt},
  isbn={9783938786062},
  year={2005},
  publisher={Universität Bremen FB Wirtschaftswissenschaften}
}

@book{boese2012,
  title={Selbststeuerung in der Fahrzeuglogistik},
  author={F. Böse},
  isbn={9783942183796},
  series={Schriftenreihe: Informationstechnische Systeme und Organisation von Produktion und Logistik},
  url={http://books.google.de/books?id=Gf3C\_IGl3VgC},
  year={2012},
  publisher={Gito}
}


% eigenständige Werke
@booklet{evolution2007,
  author={B. Scholz-Reiter, C. de Beer, F. Böse, K. Windt},
  title={Evolution in der Logistik},
  year={2007}
}